<record><leader>00000cas a2200000 a 4500</leader><controlfield tag="001">11900604</controlfield><controlfield tag="008">850410d18861886ksuwr ne      0   a0eng d</controlfield><datafield ind1=" " ind2=" " tag="010"><subfield code="a">sn 85030273 </subfield></datafield><datafield ind1=" " ind2=" " tag="040"><subfield code="a">KSH</subfield><subfield code="b">eng</subfield><subfield code="c">KSH</subfield><subfield code="d">NPT</subfield><subfield code="d">OCL</subfield><subfield code="d">OCLCQ</subfield></datafield><datafield ind1=" " ind2=" " tag="042"><subfield code="a">msc</subfield></datafield><datafield ind1="0" ind2="0" tag="245"><subfield code="a">Meade Center telegram.</subfield></datafield><datafield ind1=" " ind2=" " tag="260"><subfield code="a">Meade Center, Kan. :</subfield><subfield code="b">[s.n.],</subfield><subfield code="c">1886.</subfield></datafield><datafield ind1=" " ind2=" " tag="300"><subfield code="a">1 v. :</subfield><subfield code="b">ill. ;</subfield><subfield code="c">63 cm.</subfield></datafield><datafield ind1=" " ind2=" " tag="310"><subfield code="a">Weekly</subfield></datafield><datafield ind1="1" ind2=" " tag="362"><subfield code="a">Vol. 1, no. 1 (Mar. 13, 1886)-v. 1, no. 27 (Sept. 9, 1886).</subfield></datafield><datafield ind1=" " ind2=" " tag="500"><subfield code="a">"Democratic."</subfield></datafield><datafield ind1=" " ind2=" " tag="515"><subfield code="a">Numbering is irregular.</subfield></datafield><datafield ind1=" " ind2=" " tag="752"><subfield code="a">United States</subfield><subfield code="b">Kansas</subfield><subfield code="c">Meade</subfield><subfield code="d">Meade.</subfield></datafield><datafield ind1=" " ind2=" " tag="752"><subfield code="a">United States</subfield><subfield code="b">Kansas</subfield><subfield code="c">Meade</subfield><subfield code="d">Meade Center.</subfield></datafield><datafield ind1="0" ind2="7" tag="785"><subfield code="t">Press-democrat (Meade, Kan.)</subfield><subfield code="w">(DLC)sn 85030275</subfield></datafield><datafield ind1="0" ind2="7" tag="785"><subfield code="t">Meade County press-democrat</subfield><subfield code="w">(DLC)sn 85030276</subfield></datafield></record>